<record><leader>00000cas a22000007a 4500</leader><controlfield tag="001">22272144</controlfield><controlfield tag="008">900824d19751976aruwr ne      0    0eng d</controlfield><datafield ind1=" " ind2=" " tag="010"><subfield code="a">sn 90050279 </subfield></datafield><datafield ind1=" " ind2=" " tag="040"><subfield code="a">ANU</subfield><subfield code="b">eng</subfield><subfield code="c">ANU</subfield><subfield code="d">OCLCQ</subfield><subfield code="d">OCLCF</subfield><subfield code="d">OCLCO</subfield></datafield><datafield ind1="1" ind2=" " tag="029"><subfield code="a">AU@</subfield><subfield code="b">000025904381</subfield></datafield><datafield ind1=" " ind2=" " tag="042"><subfield code="a">msc</subfield></datafield><datafield ind1=" " ind2=" " tag="043"><subfield code="a">n-us-ar</subfield></datafield><datafield ind1="0" ind2=" " tag="130"><subfield code="a">News-press (Monticello, Ark.)</subfield></datafield><datafield ind1="1" ind2="0" tag="245"><subfield code="a">News-press.</subfield></datafield><datafield ind1="3" ind2="0" tag="246"><subfield code="a">South Arkansas news-press</subfield></datafield><datafield ind1=" " ind2=" " tag="260"><subfield code="a">Monticello, Drew County, Southeast Ark. :</subfield><subfield code="b">Monticello Newspress</subfield></datafield><datafield ind1=" " ind2=" " tag="300"><subfield code="a">v.</subfield></datafield><datafield ind1=" " ind2=" " tag="310"><subfield code="a">Weekly</subfield></datafield><datafield ind1="0" ind2=" " tag="362"><subfield code="a">Vol. 1, no. 15 (May 14, 1975)-v. 2, no. 9 (Mar. 31, 1976).</subfield></datafield><datafield ind1=" " ind2=" " tag="500"><subfield code="a">Published as: South Arkansas news-press, May 21, 1975-Feb. 4, 1976.</subfield></datafield><datafield ind1=" " ind2="0" tag="651"><subfield code="a">Monticello (Ark.)</subfield><subfield code="v">Newspapers.</subfield></datafield><datafield ind1=" " ind2="7" tag="655"><subfield code="a">Newspapers.</subfield><subfield code="2">fast</subfield><subfield code="0">(OCoLC)fst01423814</subfield></datafield><datafield ind1=" " ind2="7" tag="651"><subfield code="a">Arkansas</subfield><subfield code="z">Monticello.</subfield><subfield code="2">fast</subfield><subfield code="0">(OCoLC)fst01213919</subfield></datafield><datafield ind1=" " ind2=" " tag="752"><subfield code="a">United States</subfield><subfield code="b">Arkansas</subfield><subfield code="c">Drew</subfield><subfield code="d">Monticello.</subfield></datafield><datafield ind1=" " ind2=" " tag="752"><subfield code="a">United States</subfield><subfield code="b">Arkansas</subfield><subfield code="c">Ashley.</subfield></datafield><datafield ind1=" " ind2=" " tag="752"><subfield code="a">United States</subfield><subfield code="b">Arkansas</subfield><subfield code="c">Desha.</subfield></datafield><datafield ind1=" " ind2=" " tag="752"><subfield code="a">United States</subfield><subfield code="b">Arkansas</subfield><subfield code="c">Bradley.</subfield></datafield><datafield ind1=" " ind2=" " tag="752"><subfield code="a">United States</subfield><subfield code="b">Arkansas</subfield><subfield code="c">Chichot.</subfield></datafield><datafield ind1="0" ind2="0" tag="780"><subfield code="t">Monticello news-press</subfield><subfield code="w">(DLC)sn 90050278</subfield></datafield><datafield ind1="0" ind2="0" tag="785"><subfield code="t">South Arkansas news-press</subfield><subfield code="w">(DLC)sn 90050277</subfield></datafield></record>